@book{Cichosz00,
  author = {Pawe{\l} Cichosz},
  title = {Systemy ucz{\k a}ce si{\k e}},
  publisher = {WNT},
  year = {2000},
  address = {Warszawa}
}

@book{KoronackiCwik05,
  author = {Jacek Koronacki and Jan {\'C}wik},
  title = {Statystyczne systemy ucz{\k a}ce si{\k e}},
  publisher = {WNT},
  year = {2005},
  address = {Warszawa}
}

@incollection{Michalski83,
   author = {Michalski, Ryszard S.},
   title = {A Theory and Methodology of Inductive Learning},
   booktitle = {Machine Learning: An Artificial Intelligence Approach},
   publisher = {Tioga Publishing},
   address = {Palo Alto},
   year = {1983},
   pages = {83--129}
}

@ARTICLE{FS1997,
  author = {Yoav Freund and Robert E. Schapire},
  title = {A Decision-Theoretic Generalization of On-Line Learning and an Application
	to Boosting},
  journal = {Journal of Computer and System Sciences},
  year = {1997},
  volume = {55},
  pages = {119--139}
}

@article{Wolpert96,
  author    = {David H. Wolpert},
  title     = {The lack of a priori distinctions between learning algorithms},
  journal   = {Neural Computation},
  volume    = {8},
  number    = {7},
  year      = {1996},
  pages     = {1341--1390},
  publisher = {MIT Press},
  address   = {Cambridge, MA, USA}
}

@inproceedings{BoserGuyonVapnik92,
  author    = {Boser, Bernhard E. and
               Isabelle Guyon and
               Vladimir Vapnik},
  title     = {A Training Algorithm for Optimal Margin Classifiers},
  booktitle = {COLT},
  year      = {1992},
  pages     = {144-152}
}

@book{WittenFrank05,
    author = {Witten, Ian H.  and Frank, Eibe},
    title = {Data Mining: Practical machine learning tools and techniques, 2nd Edition},
    publisher = {Morgan Kaufmann, San Francisco},
    year = {2005}
}

@book{FriedmanHastieTibshirani03,
  author      = {Friedman, Jerome H. and Hastie, Trevor and Tibshirani, Robert},
  title       = {Elements of Statistical Learning:
                 Data Mining, Inference, and Prediction},
  publisher   = {Springer},
  year        = {2003}
}

@article{GrecoMatarazzoSlowinski01,
  author  = {Greco, Salvatore and Matarazzo, Benedetto and S{\l}owi\'nski, Roman},
  title   = {Rough sets theory for multicriteria decision analysis},
  journal = {European Journal of Operational Research},
  volume  = {129},
  year    = {2001},
  pages   = {1--47}
}

@article{Pawlak82,
  author  = {Pawlak, Zdzis{\l}aw},
  title   = {Rough sets},
  journal = {International Journal of Information \& Computer Sciences},
  volume  = {11},
  year    = {1982},
  pages   = {341--356}
}

@book{Quinlan93,
  author    = {Quinlan, J. Ross},
  title     = {C4.5: Programs for Machine Learning},
  publisher = {Morgan Kaufmann},
  year      = {1993}
}

@inproceedings{Stefanowski98,
  author    = {Stefanowski, Jerzy}, 
  title     = {On rough set based approach to induction of decision rules},
  booktitle = {Rough Set in Knowledge Discovering},
  editor    = {Polkowski, Lech and Skowron, Andrzej},
  publisher = {Physica Verlag},
  year      = {1998},
  pages     = {500--529}
}

@misc{EltraWebsite,
  author = {Sienkiewicz, Dawid},
  title = {{ELTRA} - {CANOpen} oriented {IoT} cloud service},
  howpublished = {Eltra}, url={https://yollo.ddns.net/docs},
  note = {Dostępny: 2020-01-21}
}

@misc{CloudExplained,
    author = {Microsoft},
    title = {Azure - Przegląd},
    howpublished = {Co to jest chmura?}, url={https://azure.microsoft.com/pl-pl/overview/what-is-the-cloud/},
    note = {Dostępny: 2020-01-21}
}

@misc{ThermostatWiki,
    author = {Wikipedia},
    title = {Termostat},
    howpublished = {Termostat}, url={https://pl.wikipedia.org/wiki/Termostat},
    note = {Dostępny: 2020-01-22}
}

@misc{RaspberryPiWiki,
    author = {Raspberry Pi Foundation},
    title = {Raspberry Pi},
    howpublished = {Raspberry Pi}, url={https://www.raspberrypi.org/},
    note = {Dostępny: 2020-01-22}
}

@misc{AndroidWiki,
    author = {Android Foundation},
    title = {What is Android},
    howpublished = {What is Android}, url={https://www.android.com/what-is-android/},
    note = {Dostępny: 2020-01-22}
}

@misc{IOSWiki,
    author = {Apple},
    title = {What is iOS},
    howpublished = {}, url={https://www.apple.com/ios/ios-13/},
    note = {Dostępny: 2020-01-22}
}

@misc{VPSWiki,
    author = {Wikipedia},
    title = {Virtual Private Server},
    howpublished = {}, url={https://en.wikipedia.org/wiki/Virtual_private_server},
    note = {Dostępny: 2020-01-23}
}

@misc{WWWWiki,
    author = {Wikipedia},
    title = {Serwer WWW},
    howpublished = {}, url={https://pl.wikipedia.org/wiki/Serwer_WWW},
    note = {Dostępny: 2020-01-23}
}

@misc{MySQLWiki,
    author = {Wikipedia},
    title = {Serwer MySQL},
    howpublished = {}, url={https://www.mysql.com},
    note = {Dostępny: 2020-01-23}
}

@misc{RestApiWiki,
    author = {Sam Deering},
    title = {Do you know what a REST API is?},
    howpublished = {}, url={https://www.sitepoint.com/developers-rest-api/},
    note = {Dostępny: 2020-01-23}
}

@misc{WebSocketWiki,
    author = {Tom Dykstra and Andrew Stanton-Nurse},
    title = {WebSockets support in ASP.NET Core},
    howpublished = {}, url={https://docs.microsoft.com/en-us/aspnet/core/fundamentals/websockets?view=aspnetcore-3.1},
    note = {Dostępny: 2020-01-23}
}

@misc{RpiWiki,
    author = {Raspberry Foundation},
    title = {Raspberry PI},
    howpublished = {}, url={https://www.raspberrypi.org/},
    note = {Dostępny: 2020-01-23}
}

@misc{I2CWiki,
    author = {Wikipedia},
    title = {I2C},
    howpublished = {}, url={https://pl.wikipedia.org/wiki/I%C2%B2C},
    note = {Dostępny: 2020-01-23}
}

@misc{KalmanWiki,
    author = {Wikipedia},
    title = {Filtr Kalmana},
    howpublished = {}, url={https://pl.wikipedia.org/wiki/Filtr_Kalmana},
    note = {Dostępny: 2020-01-23}
}

@misc{DotNetWiki,
    author = {Microsoft},
    title = {.NET Core},
    howpublished = {}, url={https://dotnet.microsoft.com/},
    note = {Dostępny: 2020-01-23}
}

@misc{GoogleWiki,
    author = {Google},
    title = {Android},
    howpublished = {}, url={https://android.com/},
    note = {Dostępny: 2020-01-23}
}

@misc{Windows10Wiki,
    author = {Microsoft},
    title = {Windows 10},
    howpublished = {}, url={https://www.microsoft.com/en-us/windows},
    note = {Dostępny: 2020-01-23}
}

@misc{CSharpWiki,
    author = {Microsoft},
    title = {Windows C#},
    howpublished = {}, url={https://www.microsoft.com/en-us/windows},
    note = {Dostępny: 2020-01-23}
}

@misc{MicrosoftWiki,
    author = {Microsoft},
    title = {Microsoft Corporation},
    howpublished = {}, url={https://www.microsoft.com},
    note = {Dostępny: 2020-01-23}
}

@misc{XamarinWiki,
    author = {Microsoft},
    title = {Xamarin},
    howpublished = {}, url={https://www.xamarin.com},
    note = {Dostępny: 2020-01-23}
}

@misc{CANOpenDictWiki,
    author = {CANOpen Foundation},
    title = {CANOpen Object Dictionary},
    howpublished = {}, url={https://www.can-cia.org/can-knowledge/canopen/device-architecture/},
    note = {Dostępny: 2020-01-24}
}

@misc{EltraNavigoGooglePlay,
    author = {Google Inc.},
    title = {Google Play Store, Eltra Navigo},
    howpublished = {}, url={https://play.google.com/store/apps/details?id=com.eltra.EltraNavigo&hl=en},
    note = {Dostępny: 2020-01-24}
}

@misc{FDTWiki,
    author = {FDT Group},
    title = {FDT Technology overview},
    howpublished = {}, url={https://www.fdtgroup.org/technology/overview/},
    note = {Dostępny: 2020-01-24}
}

